<?xml version="1.0" encoding="UTF-8"?><collection><record><leader>05491ntm a2200577 a 4500</leader><controlfield tag="001">006796329</controlfield><controlfield tag="003">MiAaHDL</controlfield><controlfield tag="005">20190719000000.0</controlfield><controlfield tag="006">m        d        </controlfield><controlfield tag="007">cr bn ---auaua</controlfield><controlfield tag="008">090521q18861887tu            00| ||ara d</controlfield><datafield tag="035" ind1=" " ind2=" "><subfield code="a">(MiU)006796329</subfield></datafield><datafield tag="035" ind1=" " ind2=" "><subfield code="a">sdr-miu006796329</subfield></datafield><datafield tag="040" ind1=" " ind2=" "><subfield code="a">MiU</subfield><subfield code="c">MiU</subfield><subfield code="e">amremm</subfield></datafield><datafield tag="043" ind1=" " ind2=" "><subfield code="a">n-us-mi</subfield></datafield><datafield tag="245" ind1="0" ind2="0"><subfield code="6">880-01</subfield><subfield code="a">[Calligraphic specimen,</subfield><subfield code="f">1304, i.e. 1886 or 1887].</subfield></datafield><datafield tag="260" ind1=" " ind2=" "><subfield code="a">[Istanbul,</subfield><subfield code="c">1886 or 1887].</subfield></datafield><datafield tag="300" ind1=" " ind2=" "><subfield code="a">6 leaves :</subfield><subfield code="b">paper ;</subfield><subfield code="c">258 x 329 (137 x 198) mm.</subfield></datafield><datafield tag="500" ind1=" " ind2=" "><subfield code="a">Shelfmark: Ann Arbor, University of Michigan, Special Collections Library, Isl. Ms. 242</subfield></datafield><datafield tag="500" ind1=" " ind2=" "><subfield code="a">Origin: As appears in colophon, executed by Hasan Rıza Efendi in imitation of a model by the renowned calligrapher Kazasker (Kadiasker) Mustafa İzzet Efendi (d.1876) with transcription completed in 1304 [1886 or 7]. Signature in the illuminated panel to the left of the close identifies the gilder (mudhahhib, müzehhip) as Hasan Rıza.</subfield></datafield><datafield tag="500" ind1=" " ind2=" "><subfield code="a">Former shelfmark: "563 T. De M. [i.e. Tammaro De Marinis]" inscribed in pencil on interior of upper cover ; "94" inscriped in pencil on recto of opening leaf/'panel'.</subfield></datafield><datafield tag="500" ind1=" " ind2=" "><subfield code="a">Binding: Pasteboards covered in dark lavender leather ; Type III binding (without flap) ; board linings in golden yellow to orange surface-dyed paper ; upper and lower covers carry exquisite gold-stamped scalloped octagonal piece (filled with vegetal decoration emanating from a central floral motif) and rosette accents (at the apices of the scallops, forming pendants, etc.), as well as elaborate tooled border in gold accented by gold-painted fillets ; overall in somewhat poor but fair condition with only minor abrasion, losses of silk, panels detaching from spine and warping in some, and lifting of spine leather.</subfield></datafield><datafield tag="500" ind1=" " ind2=" "><subfield code="a">Support: Well-burnished paper mounted on heavy board, with area framing written area surface-dyed (golden yellow to orange) and gold-flecked, edged in red silk ; sheets of red wove paper rest between many of the panels.</subfield></datafield><datafield tag="500" ind1=" " ind2=" "><subfield code="a">Decoration: Illuminated panels consisting of rectangular panels filled with various swirling vegetal patterns on fields of gold, blue, light pink, etc. and surrounded by frames in blue, green, light pink, red, etc. flanking mainly the lines of naskh ; entire written area surrounded by heavy gold and light pink frames with narrower gold rules surrounding panels within ; textual dividers in the form of illuminated rosettes with accents in green, pink, blue, white, etc.</subfield></datafield><datafield tag="500" ind1=" " ind2=" "><subfield code="a">Script: Exquisite specimen of Ottoman calligraphy ; large line of each page in a fine thuluth ; central lines of each page in a superb naskh ; fully vocalized ; each continues a distinct stream of ḥadīth text or excerpts.</subfield></datafield><datafield tag="500" ind1=" " ind2=" "><subfield code="a">Layout: Written in 5 and 6 lines per page, a large line of thuluth followed by four or five lines of naskh, with lines in thuluth and those in naskh constituting two distinct streams of text ; written area is divided into upper panel accomodating the large line of thuluth and centered lower panel carrying the more compact lines of naskh ; opens vertically with writing parallel to spine.</subfield></datafield><datafield tag="500" ind1=" " ind2=" "><subfield code="a">Collation: Six heavy leaves or 'panels' hinged together.</subfield></datafield><datafield tag="500" ind1=" " ind2=" "><subfield code="a">Colophon: "Scribal," reads: "حرره الحاج السيد حسن رضا مقلدا بمصطى عزت غفر الله ذنوبهما وستر عيوبهما امين سنه ١٣٠۴"</subfield></datafield><datafield tag="500" ind1=" " ind2=" "><subfield code="a">Title supplied by cataloguer.</subfield></datafield><datafield tag="500" ind1=" " ind2=" "><subfield code="a">Ms. codex.</subfield></datafield><datafield tag="510" ind1="4" ind2=" "><subfield code="a">Derman, M. Uğur. Letters in gold : Ottoman calligraphy from the Sakıp Sabancı collection, Istanbul. (New York : Metropolitian Museum of Art : Distributed by H.N. Abrams, c1998),</subfield><subfield code="c">116-9, 156-7.</subfield></datafield><datafield tag="510" ind1="4" ind2=" "><subfield code="a">Zakariya, Mohamed. "Islamic calligraphy: A technical overview." In Brocade of the pen: the art of Islamic writing. Carol Garrett Fisher, ed. (East Lansing, MI: Kresge Art Museum, Michigan State University, 1991):</subfield><subfield code="c">1-17</subfield></datafield><datafield tag="510" ind1="4" ind2=" "><subfield code="a">Brocade of the pen : the art of Islamic writing. Carol Garrett Fisher, ed. (East Lansing, MI: Kresge Art Museum, Michigan State University, 1991),</subfield><subfield code="c">no.16, p.84</subfield></datafield><datafield tag="520" ind1="8" ind2=" "><subfield code="a">Exquisite album of calligraphy (muraqqaʻ or murakkaa) employing assorted ḥadīth, executed by the renowned Ottoman calligrapher Hasan Rıza Efendi (d.1920), a master of naskh and thuluth.</subfield></datafield><datafield tag="538" ind1=" " ind2=" "><subfield code="a">Mode of access: Internet.</subfield></datafield><datafield tag="541" ind1=" " ind2=" "><subfield code="c">Purchase ;</subfield><subfield code="a">Acquired by purchase (funds donated by Horace Rackham).</subfield><subfield code="d">1924.</subfield></datafield><datafield tag="546" ind1=" " ind2=" "><subfield code="a">Arabic.</subfield></datafield><datafield tag="561" ind1=" " ind2=" "><subfield code="a">Inscriptions in pencil on interior of upper cover "663 T. De M. [i.e. Tammaro De Marinis]" and on recto of opening leaf/'panel' "94" ; clean copy.</subfield></datafield><datafield tag="650" ind1=" " ind2="0"><subfield code="a">Manuscripts, Arabic</subfield><subfield code="z">Michigan</subfield><subfield code="z">Ann Arbor.</subfield></datafield><datafield tag="650" ind1=" " ind2="0"><subfield code="a">Islamic calligraphy</subfield><subfield code="v">Specimens.</subfield></datafield><datafield tag="650" ind1=" " ind2="0"><subfield code="a">Writing, Arabic</subfield><subfield code="v">Specimens.</subfield></datafield><datafield tag="650" ind1=" " ind2="0"><subfield code="a">Calligraphy, Arabic</subfield><subfield code="v">Specimens.</subfield></datafield><datafield tag="650" ind1=" " ind2="0"><subfield code="a">Calligraphy, Ottoman</subfield><subfield code="v">Specimens.</subfield></datafield><datafield tag="650" ind1=" " ind2="0"><subfield code="a">Hadith</subfield><subfield code="v">Texts</subfield><subfield code="v">Early works to 1800.</subfield></datafield><datafield tag="700" ind1="0" ind2=" "><subfield code="a">Abdülhamid</subfield><subfield code="b">II,</subfield><subfield code="c">Sultan of the Turks,</subfield><subfield code="d">1842-1918,</subfield><subfield code="e">former owner.</subfield></datafield><datafield tag="700" ind1="0" ind2=" "><subfield code="6">880-05</subfield><subfield code="a">Mustafa İzzet Efendi,</subfield><subfield code="d">1801-1876.</subfield></datafield><datafield tag="700" ind1="0" ind2=" "><subfield code="6">880-04</subfield><subfield code="a">Hasan Rıza Efendi,</subfield><subfield code="d">1849-1920,</subfield><subfield code="e">calligrapher,</subfield><subfield code="e">gilder.</subfield></datafield><datafield tag="773" ind1="0" ind2=" "><subfield code="a">Abdul Hamid Collection.</subfield></datafield><datafield tag="880" ind1="0" ind2=" "><subfield code="6">700-05/</subfield><subfield code="a">قاضي عسكر مصفظى عزت افندى.</subfield></datafield><datafield tag="880" ind1="0" ind2=" "><subfield code="6">700-04/</subfield><subfield code="a">حسن رضا افندى،</subfield><subfield code="e">خطاط،</subfield><subfield code="e">مذهب.</subfield></datafield><datafield tag="880" ind1="0" ind2="0"><subfield code="6">245-01/</subfield><subfield code="a">[مرقع حسن الخط,</subfield><subfield code="f">1304ه, 1886 او 1887م].</subfield></datafield><datafield tag="CID" ind1=" " ind2=" "><subfield code="a">006796329</subfield></datafield><datafield tag="DAT" ind1="0" ind2=" "><subfield code="a">20190719102636.0</subfield><subfield code="b">20190719000000.0</subfield></datafield><datafield tag="DAT" ind1="1" ind2=" "><subfield code="a">20190719090653.0</subfield><subfield code="b">2019-07-19T16:11:18Z</subfield></datafield><datafield tag="DAT" ind1="2" ind2=" "><subfield code="a">2015-10-02T18:00:03Z</subfield></datafield><datafield tag="CAT" ind1=" " ind2=" "><subfield code="a">SDR-MIU</subfield><subfield code="d">EX LIBRIS - ALEPH</subfield><subfield code="l">prepare.pl-004-008</subfield></datafield><datafield tag="FMT" ind1=" " ind2=" "><subfield code="a">BK</subfield></datafield><datafield tag="HOL" ind1=" " ind2=" "><subfield code="0">sdr-miu006796329</subfield><subfield code="a">MiU</subfield><subfield code="b">SDR</subfield><subfield code="c">MIU</subfield><subfield code="p">mdp.39015079126895</subfield><subfield code="s">MIU</subfield><subfield code="1">006796329</subfield></datafield><datafield tag="974" ind1=" " ind2=" "><subfield code="b">MIU</subfield><subfield code="c">MIU</subfield><subfield code="d">20190719</subfield><subfield code="s">lit-dlps-dc</subfield><subfield code="u">mdp.39015079126895</subfield><subfield code="y">1887</subfield><subfield code="r">pd</subfield><subfield code="q">add</subfield></datafield></record></collection>